<record><leader>00000cas a22000007a 4500</leader><controlfield tag="001">13956597</controlfield><controlfield tag="008">860726d19661968nvusr ne      0    0eng d</controlfield><datafield ind1=" " ind2=" " tag="010"><subfield code="a">sn 86076327 </subfield></datafield><datafield ind1=" " ind2=" " tag="040"><subfield code="a">NNX</subfield><subfield code="b">eng</subfield><subfield code="c">NNX</subfield><subfield code="d">OCLCQ</subfield></datafield><datafield ind1=" " ind2=" " tag="042"><subfield code="a">msc</subfield></datafield><datafield ind1="0" ind2="0" tag="245"><subfield code="a">Air-age news.</subfield></datafield><datafield ind1=" " ind2=" " tag="260"><subfield code="a">Gardnerville, Nev. :</subfield><subfield code="b">Academy Press,</subfield><subfield code="c">1966-1968.</subfield></datafield><datafield ind1=" " ind2=" " tag="300"><subfield code="a">3 v. :</subfield><subfield code="b">ill.</subfield></datafield><datafield ind1=" " ind2=" " tag="310"><subfield code="a">Semimonthly,</subfield><subfield code="b">Aug. 8, 1966-Mar. 26, 1968</subfield></datafield><datafield ind1=" " ind2=" " tag="321"><subfield code="a">Monthly,</subfield><subfield code="b">Jan., 1966-July, 1966</subfield></datafield><datafield ind1="0" ind2=" " tag="362"><subfield code="a">Vol. 1, no. 1 (Jan., 1966)-v. 3, no. 7 (Mar. 26, 1968).</subfield></datafield><datafield ind1=" " ind2=" " tag="500"><subfield code="a">Place of publication moves to Reno, Nev., Mar. 1, 1967; to Sparks, Nev., Mar. 12, 1968.</subfield></datafield><datafield ind1=" " ind2=" " tag="515"><subfield code="a">Vol. 1, no. 8 misnumbered Vol. 1, no. 7.</subfield></datafield><datafield ind1="8" ind2=" " tag="521"><subfield code="a">Military.</subfield></datafield><datafield ind1=" " ind2=" " tag="752"><subfield code="a">United States</subfield><subfield code="b">Nevada</subfield><subfield code="c">Douglas</subfield><subfield code="d">Gardnerville.</subfield></datafield><datafield ind1=" " ind2=" " tag="752"><subfield code="a">United States</subfield><subfield code="b">Nevada</subfield><subfield code="c">Washoe</subfield><subfield code="d">Reno.</subfield></datafield><datafield ind1=" " ind2=" " tag="752"><subfield code="a">United States</subfield><subfield code="b">Nevada</subfield><subfield code="c">Washoe</subfield><subfield code="d">Sparks.</subfield></datafield></record>